<record><leader>00000cas a22000007a 4500</leader><controlfield tag="001">14963044</controlfield><controlfield tag="008">861212d19121918wiuwr ne      0    0eng d</controlfield><datafield ind1=" " ind2=" " tag="010"><subfield code="a">sn 86086842 </subfield></datafield><datafield ind1=" " ind2=" " tag="040"><subfield code="a">NPV</subfield><subfield code="b">eng</subfield><subfield code="c">NPV</subfield><subfield code="d">OCLCQ</subfield></datafield><datafield ind1=" " ind2=" " tag="042"><subfield code="a">msc</subfield></datafield><datafield ind1="0" ind2="4" tag="245"><subfield code="a">The Sturgeon Bay advocate.</subfield></datafield><datafield ind1=" " ind2=" " tag="260"><subfield code="a">Sturgeon Bay, Wis. :</subfield><subfield code="b">Frank Long,</subfield><subfield code="c">1912-1918.</subfield></datafield><datafield ind1=" " ind2=" " tag="300"><subfield code="a">v.</subfield></datafield><datafield ind1=" " ind2=" " tag="310"><subfield code="a">Weekly</subfield></datafield><datafield ind1="0" ind2=" " tag="362"><subfield code="a">Vol. 51, no. 29 (Oct. 10, 1912)-v. 57, no. 18 (July 25, 1918).</subfield></datafield><datafield ind1=" " ind2=" " tag="500"><subfield code="a">Publisher varies.</subfield></datafield><datafield ind1=" " ind2=" " tag="752"><subfield code="a">United States</subfield><subfield code="b">Wisconsin</subfield><subfield code="c">Door</subfield><subfield code="d">Sturgeon Bay.</subfield></datafield><datafield ind1="0" ind2="7" tag="785"><subfield code="t">Door County democrat</subfield><subfield code="w">(DLC)sn 85040211</subfield></datafield><datafield ind1="0" ind2="7" tag="785"><subfield code="t">Door County advocate</subfield><subfield code="w">(DLC)sn 84001224</subfield></datafield></record>